@article{mahony1960taro,
  title={Taro cultivation in Truk},
  author={Mahony, Frank J},
  journal={Taro cultivation practices and beliefs,. the Eastern Carolines and the Marshall Islands},
  number={6},
  pages={69--98},
  year={1960},
  publisher={Office of the Staff Anthropologist}
}

@article{aitken1930ethnology,
  title={Ethnology of Tubuai, Bernice P},
  author={Aitken, Robert T},
  journal={Bernice Pauahi Bishop Museum Bulletin},
  volume={70},
  pages={14},
  year={1971[1930]}
}

@incollection{alkire1991woleai,
  title={Woleai},
  booktitle={Encyclopaedia of World Cultures},
  author={Alkire, WH},
  publisher={G.K. Hall and co},
  address={New York},
  volume={2: Oceania},
  pages={382--384},
  year={1991}
}

@article{beagleholeandbeaglehole1938,
    author = {Beaglehole, E. AND P. Beaglehole.},
    title = {Ethnology of Pukapuka},
    journal = {Bernice Pauahi Bishop Museum Bulletin},
    volume = {110},
    pages = {1-419},
    year = {1938},
    key = {Beaglehole and Beaglehole (1938)},
    lgcode = {Pukapukans [puka1242]}
}

@article{birketsmith1956,
    author = {Birket-Smith, K.},
    title = {An Ethnological Sketch of Rennell Island},
    journal = {Kong. Danske Videnskab. Selskab, Hist. -Filol. Medd.},
    volume = {35},
    pages = {iii, 1-222},
    year = {1956},
    key = {Birket-Smith (1956)},
    lgcode = {Rennell Islanders [renn1242]}
}

@article{buck1930,
    author = {Buck, P. H.},
    title = {Samoan Material Culture},
    journal = {Bernice Pauahi Bishop Museum Bulletin},
    volume = {75},
    pages = {1-724},
    year = {1930},
    key = {Buck (1930)},
    lgcode = {American Samoans [samo1305], Upolu Samoans [samo1305]}
}

@article{buck1932b,
    author = {Buck, P. H.},
    title = {Ethnology of Tongareva},
    journal = {Bernice Pauahi Bishop Museum Bulletin},
    volume = {92},
    pages = {1-225},
    year = {1932},
    key = {Buck (1932b)},
    lgcode = {Tongarevans [penr1237]}
}

@article{buck1934,
    author = {Buck, P. H.},
    title = {Mangaian Society},
    journal = {Bernice Pauahi Bishop Museum Bulletin},
    volume = {122},
    pages = {1-207},
    year = {1934},
    key = {Buck (1934)},
    lgcode = {Mangaians [raro1241]}
}

@book{buck1950,
    author = {Buck, P. H.},
    title = {The Material Culture of Kapingamarangi},
    journal = {Bernice Pauahi Bishop Museum Bulletin},
    volume = {200},
    year = {1950},
    key = {Buck (1950)},
    lgcode = {Kapingamarangi [kapi1249]}
}

@book{buck1952,
    author = {Buck, P. H.},
    title = {The Coming of the Maori},
    address = {Wellington},
    year = {1952},
    lgcode = {Māori [maor1246]}
}

@article{buck1938,
    author = {Buck, P. H.},
    title = {Ethnology of Mangareva},
    journal = {Bernice Pauahi Bishop Museum Bulletin},
    volume = {117},
    pages = {1-519},
    year = {1971[1938]},
    key = {Buck (1938)},
    lgcode = {Mangarevans [mang1401]}
}

@article{buck1932a,
    author = {Buck, P. H.},
    title = {Ethnology of Manihiki and Rakahanga},
    journal = {Bernice Pauahi Bishop Museum Bulletin},
    volume = {99},
    pages = {1-238},
    year = {1932},
    key = {Buck (1932a)},
    lgcode = {Manihikians [raka1237]}
}

@article{burrows1937,
    author = {Burrows, E. G.},
    title = {Ethnology of Uvea},
    journal = {Bernice Pauahi Bishop Museum Bulletin},
    volume = {145},
    pages = {1-176},
    year = {1971[1937]},
    key = {Burrows (1937)},
    lgcode = {Uveans [wall1257]}
}

@incollection{burrowsandspiro1953,
    author = {Burrows, E. G. AND  M. E. Spiro.},
    title = {An Atoll Culture: Ethnography of Ifaluk in the Central Carolines},
    booktitle={Human Relations Area Files},
    address = {New Haven},
    year = {1953},
    key = {Burrows and Spiro (1953)},
    lgcode = {Ifaluk [nucl1479]}
}

@book{deacon1934,
    author = {Deacon, A. B.},
    title = {Malekula},
    address = {London},
    year = {1934},
    key = {Deacon (1934)},
    lgcode = {Seniang [sout2857]}
}

@article{davenport1969,
    author = {Davenport, WH.},
    title = {Social organization notes on the Northern Santa Cruz Islands: the Main Reef Islands},
    address = {New York},
    journal={Baessler-Archiv, Neue Folge},
    pages = {151-243},
    volume={17},
    number={1},
    year = {1969},
    lgcode = {Santa Cruz Islanders [natu1246]}
}

@incollection{erdland1914,
    author = {Erdland, P. A.},
    title = {The Marshall Islanders: Life and Customs, Thought and Religion of a South Seas People },
    address = {New Haven, CT},
    booktitle={Human Relations Area Files},
    year = {1961[1914]},
    key = {Erdland (1914)},
    notes={Translation from German. Original title= Die Marshall-Insulaner},
    lgcode = {Marshallese - Jaluit Atoll [rali1241], Marshallese - Jaluit atoll [rali1241]}
}

@book{humphreys1926,
    author = {Humphreys, C. B.},
    title = {The Southern New Hebrides: An Ethnological Record},
    address = {Cambridge},
    year = {1926},
    key = {Humphreys (1926)},
    lgcode = {Eromangans [siee1239], Tannese [sout2869]}
}

@book{huntetal1949,
    author = {Hunt, E. E. Jr. and D. M. Schneider and N. R. Kidder and W. D. Stevens},
    title = {The Micronesians of Yap and Their Depopulation},
    address = {Washington},
    year = {1949},
    key = {Hunt et al. (1949)},
    lgcode = {Yapese [yape1248]}
}

@book{josephandmurray1951,
    author = {Joseph, A. AND V. F. Murray},
    title = {Chamorros and Carolinians of Saipan: personality tests with an analysis of the Bender Gestalt test by Lauretta Bender},
    publisher = {Harvard University Press},
    address = {Cambridge},
    year = {1951},
    key = {Joseph and Murray (1951)},
    lgcode = {Carolinians [caro1242], Chamorro [cham1312]}
}

@book{keesing1934,
    author = {Keesing, F. M.},
    title = {Modern Samoa:Its Government and Changing Life},
    address = {London},
    year = {1934},
    key = {Keesing (1934)},
    lgcode = {Upolu Samoans [samo1305]}
}

@incollection{lambert1966,
    author = {Lambert, B.},
    editor = {M. J. Schwartz, Turner VW, Tuden A.},
    title = {The Economic Activities of a Gilbertese Chief},
    booktitle = {Political Anthropology},
    address = {Chicago},
    pages = {155-172},
    year = {1966},
    lgcode = {Makin [bana1287]}
}

@article{lane1956,
    author = {Lane, R. B.},
    title = {The Heathen Communities of Southeast Pentecost},
    journal = {Journal de la Sociéte des Oceanistes},
    volume = {12},
    pages = {139-180},
    year = {1956},
    key = {Lane (1956)},
    lgcode = {Bunlap [saaa1241]}
}

@misc{lessa1950,
    author = {Lessa, W. A.},
    title = {The Ethnography of Ulithi Atoll},
    year = {1950},
    howpublished = {Unpublished Manuscript Ulithi (Micronesia)},
    key = {Lessa (1950)},
    lgcode = {Ulithians [ulit1238]}
}

@book{lessa1966,
    author = {Lessa, William Armand},
    title = {Ulithi: A Micronesian design for living},
    publisher = {Holt, Rinehart and Winston},
    address = {New York},
    year = {1966},
    key = {Lessa (1966)},
    lgcode = {Ulithians [ulit1238]}
}

@book{loeb1978,
    author = {Loeb, E. M.},
    title = {History and Traditions of Niue},
    publisher = {Bernice P Bishop Museum},
    volume = {32},
    address={Honolulu},
    pages = {1-226},
    year = {1978},
    lgcode = {Niueans [niue1239]}
}

@book{macgregor1937,
    author = {Macgregor, G.},
    title = {Ethnology of Tokelau Islands},
    publisher = {Bernice P Bishop Museum},
    address={Honolulu},
    volume = {146},
    pages = {1-183},
    year = {1937},
    key = {Macgregor (1937)},
    lgcode = {Tokelau [toke1240]}
}

@article{macgregor1935,
    author = {Macgregor, G.},
    title = {Notes on the Ethnology of Pukapuka},
    journal = {Bernice P Bishop Museum Occasional Papers},
    volume = {11},
    pages = {vi, 1-52},
    year = {1935},
    key = {Macgregor (1935)},
    lgcode = {Pukapukans [puka1242]}
}

@book{muller1917,
    author = {Muller, W.},
    editor = {G. Thilenius},
    title = {Yap},
    address = {Hamburg},
    series = {Ergebnisse der Südsee-Expedition 1908-1910},
    volume = {2, B, iii},
    pages = {1-380},
    year = {1917},
    key = {Muller (1917)},
    lgcode = {Yapese [yape1248]}
}

@misc{murdocketal1944b,
    author = {Murdock, G. P. and C. S. Ford and J. W. M. Whiting},
    title = {West Caroline Islands},
    address = {Washington},
    series = {Civil Affairs Handbook OPNAV 50-E},
    number = {7},
    pages = {1-222},
    year = {1944},
    key = {Murdock et al. (1944b)},
    lgcode = {Palauans [pala1344], Yapese [yape1248]}
}

@book{salesius1906,
    author = {Salesius.},
    title = {Die Karolineninsel Jap},
    address = {Berlin},
    year = {1906},
    key = {Salesius (1906)},
    lgcode = {Yapese [yape1248]}
}

@article{schneider1953,
    author = {Schneider, David M.},
    title = {Yap Kinship Terminology and Kin Groups},
    journal = {American Anthropologist},
    volume = {55},
    pages = {215-236},
    year = {1953},
    key = {Schneider (1953)},
    lgcode = {Yapese [yape1248]}
}

@article{schneider1962,
    author = {Schneider, D. M.},
    title = {Double Descent on Yap},
    journal = {Journal of the Polynesian Society},
    volume = {71},
    pages = {1-24},
    year = {1962},
    key = {Schneider (1962)},
    lgcode = {Yapese [yape1248]}
}


@article{walter1996,
    author = {Walter, R},
    title = {Settlement pattern archaeology in the Southern Cook Islands: a review},
    journal = {Journal of the Polynesian Society},
    volume = {105},
    issue={1},
    pages = {63-99},
    year = {1996}
    }
    
@article{walter_anderson1995,
    author = {Walter, R AND Anderson, A},
    title = {Archaeology of Niue island: Initial Results},
    journal = {Journal of the Polynesian Society},
    volume = {104},
    issue={4},
    pages = {471-481},
    year = {1995}
    }

@article{spehr1954,
    author = {Spehr, A.},
    title = {Saipan},
    journal = {Fieldiana: Anth.},
    volume = {41},
    pages = {1-383},
    year = {1954},
    key = {Spehr (1954)},
    lgcode = {Carolinians [caro1242]}
}

@article{tetensandkubary1873,
    author = {Tetens, A. AND  J. Kubary},
    title = {Die Carolineninsel Yap},
    journal = {Journal des Museum Godeffroy},
    address = {Hamburg},
    volume = {1},
    pages = {84-120},
    year = {1873},
    key = {Tetens and Kubary (1873)},
    lgcode = {Yapese [yape1248]}
}

@book{thompson1940b,
    author = {Thompson, Laura},
    title = {Fijian frontier},
    publisher = {Institute of Pacific Relations},
    address = {San Francisco},
    series = {Studies of the Pacific},
    number = {4},
    year = {1940},
    key = {Thompson (1940b)},
    lgcode = {Lau [laua1243]}
}

@article{thompson1940a,
    author = {Thompson, L.},
    title = {Southern Lau, Fiji},
  journal={Bernice Pauahi Bishop Museum Bulletin},
    volume = {162},
    year = {1940},
    key = {Thompson (1940a)},
    lgcode = {Lau [laua1243]}
}

@incollection{athens2007prehistoric,
  title={Prehistoric Population Growth on Kosrae, Eastern Caroline Islands},
  author={Athens, J Stephen},
  editor={Kirch PV, Rallu J},
 booktitle={The Growth and Collapse of Pacific Island Societies: Archaeological and Demographic Perspectives.},
publisher={University of Hawai'i Press},
  pages={257--277},
  year={2007}
}

@article{bellwood1971varieties,
  title={Varieties of ecological adaptation in the southern Cook Islands},
  author={Bellwood, Peter S},
  journal={Archaeology \& Physical Anthropology in Oceania},
  volume={6},
  number={2},
  pages={145--169},
  year={1971}
  }
  
  @article{bonnemaison1972systeme,
  title = {Syst\`eme de {{Grades}} et {{Diff\'erences R\'egionales En Aoba}} ({{Nouvelles H\'ebrides}})},
  author = {Bonnemaison, Jo{\"e}l},
  year = {1972},
  volume = {9},
  pages = {87--108},
  journal = {Cahiers ORSTOM. S\'erie Sciences Humaines},
  number = {1}
}
  
  @article{bollt2008excavations,
  title={Excavations in Peva Valley, Rurutu, Austral Islands (East Polynesia)},
  author={Bollt, Robert},
  journal={Asian perspectives},
  pages={156--187},
  volume={47},
  issue={1},
  year={2008}
}

@incollection{bonnemaison1996power,
  booktitle={Arts of Vanuatu},
  author={Bonnemaison, Jo{\"e}l},
  year={1996},
  title={The Art of Power},
  publisher={University of Hawaii Press}
}

@book{capell1958culture,
  title={The culture and language of Futuna and Aniwa, New Hebrides},
  author={Capell, Arthur},
  published={University of Sydney},
  address={Sydney, Australia},
  year={1958}
}

@phdthesis{carroll1966nukuoro,
  title={Nukuoro kinship},
  author={Carroll, Vern},
  year={1966},
  publisher={University of Chicago, Department of Anthropology, June}
}

@incollection{carruci1991marshall,
  title={Marshall Islands},
  booktitle={Encyclopaedia of World Cultures},
  author={Carucci, LM},
  publisher={G.K. Hall and co},
  address={New York},
  volume={2: Oceania},
  pages={191-194},
  year={1991}
}

@incollection{young1991goodenough,
  title={Goodenough Island},
  booktitle={Encyclopaedia of World Cultures},
  author={Young, MW},
  publisher={G.K. Hall and co},
  address={New York},
  volume={2: Oceania},
  pages={85-88},
  year={1991}
}

@incollection{donner1991,
  title={Ontong Java},
  booktitle={Encyclopaedia of World Cultures},
  author={Donner, WW},
  publisher={G.K. Hall and co},
  address={New York},
  volume={2: Oceania},
  pages={253-255},
  year={1991}
}

@incollection{feinberg1991,
  title={Anuta},
  booktitle={Encyclopaedia of World Cultures},
  author={Feinberg, R},
  publisher={G.K. Hall and co},
  address={New York},
  volume={2: Oceania},
  pages={13-16},
  year={1991}
}

@incollection{firth1991,
  title={Tikopia},
  booktitle={Encyclopaedia of World Cultures},
  author={Firth, R},
  publisher={G.K. Hall and co},
  address={New York},
  volume={2: Oceania},
  pages={324-327},
  year={1991}
}

@incollection{goldsmith1991,
  title={Tuvalu},
  booktitle={Encyclopaedia of World Cultures},
  author={Goldsmith, M},
  publisher={G.K. Hall and co},
  address={New York},
  volume={2: Oceania},
  pages={354-357},
  year={1991}
}

@incollection{goodenough1991,
  title={Truk},
  booktitle={Encyclopaedia of World Cultures},
  author={Goodenough, WH},
  publisher={G.K. Hall and co},
  address={New York},
  volume={2: Oceania},
  pages={351-354},
  year={1991}
}

@incollection{peoples1991,
  title={Kosrae},
  booktitle={Encyclopaedia of World Cultures},
  author={Peoples, JG},
  publisher={G.K. Hall and co},
  address={New York},
  volume={2: Oceania},
  pages={128-131},
  year={1991}
}

@incollection{howard1991,
  title={Rotuma},
  booktitle={Encyclopaedia of World Cultures},
  author={Graves, MW},
  publisher={G.K. Hall and co},
  address={New York},
  volume={2: Oceania},
  pages={280-283},
  year={1991}
}

@incollection{lambert1991,
  title={Kiribati},
  booktitle={Encyclopaedia of World Cultures},
  author={Lambert, B},
  publisher={G.K. Hall and co},
  address={New York},
  volume={2: Oceania},
  pages={120-124},
  year={1991}
}

@incollection{lindstroem1991,
  title={Tanna},
  booktitle={Encyclopaedia of World Cultures},
  author={Lamont Lindström},
  publisher={G.K. Hall and co},
  address={New York},
  volume={2: Oceania},
  pages={314},
  year={1991}
}


@incollection{winslow1991,
  title={Ajie},
  booktitle={Encyclopaedia of World Cultures},
  author={Don Winslow},
  publisher={G.K. Hall and co},
  address={New York},
  volume={2: Oceania},
  pages={9},
  year={1991}
}

@book{carroll1975pacific,
title={Demographic concepts and techniques for the study of small populations},
 editor={Carroll, Vern},
  booktitle={Pacific atoll populations},
  author={Carroll, Vern},
  year={1975},
  publisher={University of Hawaii Press}
}

@book{conte2004archaeological,
  title={Archaeological Investigations in the Mangareva Islands (Gambier Archipelago), French Polynesia},
  author={Conte, Eric and Kirch, Patrick Vinton},
  publisher={University of California},
  address={Berkeley, CA},
  year={2004}
}

@article{cordy1983social,
  title={Social stratification in the Mariana Islands},
  author={Cordy, Ross},
  journal={Oceania},
  volume={53},
  number={3},
  pages={272--276},
  year={1983}
}

@incollection{cummins1977tongan,
  title={Tongan society at the time of European contact},
  author={Cummins, HG},
 booktitle={Friendly islands: A history of Tonga},
 editor={Rutherford, N},
 published={John Sands Ltd},
 address={Melbourne, Australia},
  pages={63--89},
  year={1977}
}

@book{dubois1984gens,
  title={Gens de Mar{\'e}: Nouvelle-Cal{\'e}donie},
  author={Dubois, Marie-Joseph},
  year={1984},
  address={Paris, France},
  publisher={éditions Anthropos}
}


@misc{edwards2003archaeological,
  title={Archaeological survey of Ra’ivavae},
  author={Edwards, Edmundo},
  year={2003},
  address={Los Osos, CA},
  publisher={Bearsville Press for the Easter Island Foundation}
}

@book{emory1975material,
  title={Material culture of the Tuamotu Archipelago},
  author={Emory, Kenneth P},
  number={22},
  year={1975},
  publisher={Honolulu: Department of Anthropology, Bernice Pauahi Bishop Museum}
}


@incollection{facey1981hereditary,
  title={Hereditary chiefship in Nguna},
  booktitle={Vanuatu: Politics, economics and ritual in island Melanesia},
  author={Facey, EE},
  editor={Allen, Michael},
  year={1981},
  publisher={Sydney, Australia: M. Allen Sydney Academic Press}
}

@article{feinberg1988socio,
  title={Socio-spatial symbolism and the logic of rank on two Polynesian outliers},
  author={Feinberg, Richard},
  journal={Ethnology},
  volume={27},
  number={3},
  pages={291--310},
  year={1988}
}

@book{ferdon1988early,
  title={Early Tonga},
  author={Ferdon, Edwin N},
  year={1987},
  address={Tucson, AZ.},
  publisher={University of Arizona Press}
}

@book{firth1939primitive,
  title={Primitive polynesian economy},
  author={Firth, Raymond},
  year={1939},
  address={London, UK},
  publisher={George Routledge and sons}
}

@book{firth1959social,
  title={Social change in Tikopia: re-study of a Polynesian community after a generation},
  author={Firth, Raymond},
  year={1959},
  address={London, UK},
  publisher={Allen and Unwin}
}

@article{force1960leadership,
  title={Leadership and cultural change in Palau},
  author={Force, Roland W},
  journal={Fieldiana. Anthropology},
  volume={50},
  address={Chicago},
  publisher={Field Museum of Natural History},
  pages={1--211},
  year={1960}
  }


@article{gardiner1898natives,
  title={The natives of Rotuma},
  author={Gardiner, J Stanley},
  publisher={Royal Anthropological Institute of Great Britain and Ireland},
  journal={The Journal of the Anthropological Institute of Great Britain and Ireland},
  volume={27},
  pages={396-435},
  year={1898}
  }

@book{hayes1981cook,
  title={The Cook Islands 1820-1950},
  author={Hayes, Geoffrey R},
  year={1981},
  address={Wellington, New Zealand},
  publisher={Victoria University Press}
}

@book{goodenough2002under,
  title={Under heaven's brow: Pre-Christian religious tradition in Chuuk},
  author={Goodenough, Ward Hunt},
  volume={246},
  address={Philadelphia, PA},
  year={2002},
  publisher={American Philosophical Society}
}

@article{graves1986late,
  title={Lare Prehistoric complexity on Lel{\=u}: alternatives to Cordy's model},
  author={Graves, Michael W},
  journal={The Journal of the Polynesian Society},
  volume={95},
  number={4},
  pages={479--489},
  year={1986}
}

@book{green2000mangarevan,
  title={Mangarevan Archaeology: Interpretations using new data and 40 year old excavations to establish a sequence from 1200 to 1900 AD},
  author={Green, Roger C and Weisler, Marshall I},
  year={2000},
  address={Otago, New Zealand},
  publisher={Department of Anthropology \& Archaeology; University of Otago}
}

@book{guiart1952organisation,
  title={L'organisation sociale et politique traditionnelle {\`a} Mar{\'e} (Iles Loyalty)},
  author={Guiart, Jean},
  year={1952},
  address={Nouméa, New Caledonia},
  publisher={Institut Français d'Oceanie}
}

@article{ray1917people,
  title={The People and Language of Lifu, Loyalty Islands.},
  author={Ray, Sidney H},
  journal={The Journal of the Royal Anthropological Institute of Great Britain and Ireland},
  volume={47},
  pages={239--322},
  year={1917}
}

@book{hanlon2019upon,
  title={Upon a stone altar: A history of the island of Pohnpei to 1890},
  author={Hanlon, David L},
  year={2019},
  address={Honolulu, HI},
  publisher={University of Hawaii Press}
}

@phdthesis{haun1984prehistoric,
  title={Prehistoric subsistence, population, and sociopolitical evolution on Ponape, Micronesia},
  author={Haun, Alan Edward},
  year={1984},
  address={Eugene, OR},
  publisher={University of Oregon}
}


@article{hocart_1929,
  title={Lau Islands, Fiji},
  author={Hocart, A.M.},
   journal={Bernice Pauahi Bishop Museum Bulletin},
  volume={62},
  pages={1-230},
  year={1929}
}

@article{hooper1973demographic,
  title={A demographic history of the Tokelau Islands},
  author={Hooper, Antony and Huntsman, Judith},
  journal={The Journal of the Polynesian Society},
  volume={82},
  number={4},
  pages={366--411},
  year={1973}
}

@article{howard1963conservatism,
  title={Conservatism and non-traditional leadership in Rotuma},
  author={Howard, Alan},
  journal={The Journal of the Polynesian Society},
  pages={65--77},
  year={1963}
  }
  
@article{spriggs1989archaeological,
  title={Archaeological research on Erromango: Recent data on southern Melanesian prehistory},
  author={Spriggs, Matthew and Wickler, Stephen},
  journal={Bulletin of the Indo-Pacific Prehistory Association},
  pages={68--91},
  volume={9},
  year={1989}
}

@book{kirch1984evolution,
  title={The evolution of the Polynesian chiefdoms},
  author={Kirch, Patrick Vinton},
  year={1984},
  publisher={Cambridge University Press}
}

@book{kirch1994wet,
  title={The wet and the dry: irrigation and agricultural intensification in Polynesia},
  author={Kirch, Patrick Vinton},
  year={1994},
  address={Chicago, IL},
  publisher={University of Chicago Press}
}

@article{kirch2002te,
  title={Te Kai Paka-Anuta: food in a Polynesian outlier society},
  author={Kirch, Patrick V},
  journal={Journal de la Soci{\'e}t{\'e} des Oc{\'e}anistes},
  number={114-115},
  pages={71--89},
  year={2002},
  publisher={Soci{\'e}t{\'e} des oc{\'e}anistes}
}

@book{kirch2010chiefs,
  title={How chiefs became kings: Divine kingship and the rise of archaic states in ancient Hawai'i},
  author={Kirch, Patrick Vinton},
  year={2010},
  address={Oakland, CA},
  publisher={Univ of California Press}
}

@article{kuhlken2002intensive,
  title={Intensive agricultural landscapes of Oceania},
  author={Kuhlken, Robert},
  journal={Journal of Cultural Geography},
  volume={19},
  number={2},
  pages={161--195},
  year={2002},
  publisher={Taylor \& Francis}
}

@article{lambert1975makin,
  title={Makin and the outside world},
  author={Lambert, Bernd},
  journal={Pacific atoll populations},
  number={3},
  pages={212--285},
  year={1975},
  publisher={University Press of Hawaii}
}

@book{macdonald1982cinderellas,
  title={Cinderellas of the Empire: Towards a history of Kiribati and Tuvalu},
  author={Macdonald, Barrie},
  year={1982},
  address={Canberra, Australia},
  publisher={Australian National University Press}
}

@book{metraux_1971,
year={1971},
title={Ethnology of Easter Island},
author= {Métraux, A},
publisher={Bernice P Bishop Muesum},
address={Honolulu, HI}
}

@book{monberg1991bellona,
  title={Bellona Island beliefs and rituals},
  author={Monberg, Torben},
  year={1991},
  publisher={University of Hawaii Press}
}

@book{oliver2019ancient,
  title={Ancient Tahitian Society},
  author={Oliver, Douglas L},
  volume={2: Social Relations},
  year={2019},
  publisher={University of Hawaii Press}
}

@article{pollock1995power,
  title={The Power Of Kava In Futuna And Uvea/Wallis},
  author={Pollock, Nancy J},
  journal={Canberra anthropology},
  volume={18},
  number={1-2},
  pages={136--165},
  year={1995},
  publisher={Taylor \& Francis}
}

@article{raynor1991indigenous,
  title={Indigenous agroforestry of Pohnpei: 1},
  author={Raynor, WC and Fownes, JH},
  journal={Agroforestry Systems},
  volume={16},
  pages={139--157},
  year={1991},
  publisher={Springer}
}

@book{riesenberg1968native,
  title={The Native Polity of Ponape. Washington},
  author={Riesenberg, Saul},
  publisher={Smithsonian Institution Press},
  year={1968}
}

@book{sahlins1958social,
  title={Social stratification in Polynesia},
  author={Sahlins, Marshall David},
  address={Seattle, WA},
  publisher={University Washington Press},
  year={1958}
}

@article{bayliss1974constraints,
  title={Constraints on population growth: The case of the Polynesian outlier atolls in the precontact period},
  author={Bayliss-Smith, Tim},
  journal={Human Ecology},
  volume={2},
  issue={4},
  pages={259--295},
  year={1974},
  publisher={Springer}
}

@book{scarr1984fiji,
  title={Fiji: a short history},
  author={Scarr, Deryck},
  publisher={George Allen and Unwin},
  address={Sydney Australia},
  year={1984}
}

@book{smith1983niue,
  title={Niue The Island And Its People},
  author={Smith, S and others},
  year={1983[1902-1903]},
  address={Suva, Fiji},
  publisher={The Polynesian Society}
}

@article{spriggs1982taro,
  title={Taro cropping systems in the Southeast Asian-Pacific region: Archaeological evidence},
  author={Spriggs, Matthew},
  journal={Archaeology in Oceania},
  volume={17},
  number={1},
  pages={7--15},
  year={1982}
}

@incollection{spriggs1986landscape,
  title={Landscape, land use and Political Transformation in southern Melanesia},
  author={Spriggs, Matthew},
  booktitle={Island societies: Archaeological approaches to evolution and transformation},
  editor={Kirch, PV},
  pages={6-19},
  year={1986},
  publisher={Cambridge University Press}
}

@incollection{tonkinson1981church,
  title={Church and Kastom in Southeast Ambrym in Vanuatu: Politics, Economics and Ritual in Island Melanesia},
  author={Tonkinson, R},
  editor={Allen, M},
  pages={237-267},
  year={1981},
  publisher={Academic Press},
  address={Sydney, Australia},
  booktitle={Vanuatu: Politics, Economics and Ritual in Island Melanesia}
}

@article{van1995maori,
  title={Maori Socio-Political Organization in Pre-and Proto-History: On the evolution of post-colonial constructs},
  author={Van Meijl, Toon},
  journal={Oceania},
  volume={65},
  number={4},
  pages={304--322},
  year={1995},
  publisher={Wiley Online Library}
}

@article{walter1978examination,
  title={An Examination of Hierarchical Notions in Fijian Society: A Test Case for the Applicability of the Term" Chief"},
  author={Walter, Michael AHB},
  journal={Oceania},
  volume={49},
  number={1},
  pages={1-19},
  year={1978}
}

@book{quain_1948, 
author={Quain, Buell H.}, 
year={1948},
address={Chicago},
publisher={University oF Chicago Press},
title={Fijian Village}
}


%Watters RF (1958) Cultivation in Old Samoa. Economic Geography 43(4):338-351.

@article{watters_1958, 
year={1958},
volume={43},
issue={3},
pages={338-351},
journal={Economic Geography},
title={Cultivation in Old Samoa},
author={Watters, R.F.}
}

%Williamson I, Sabath MD (1982) Island Population, Land Area, and Climate: a Case Study of the Marshall Islands. Hum Ecol 10(1):71-84.

@article{williamson_1982,
author={Williamson, Sabath MD I},
title={Island Population, Land Area, and Climate: a Case Study of the Marshall Islands},
pages={71-84},
volume={10},
issue={7},
journal={Human Ecology},
year={1982}
}

%Eilers A (1934) Islands around Ponape : Kapingamarangi, Nukuoro, Ngatik, Mokil, Pingelap (Friederichsen, De Gruyter and Co, Hamburg, Germany).

@book{eilers_1934,
year={1934},
title={Islands around Ponape : Kapingamarangi, Nukuoro, Ngatik, Mokil, Pingelap},
publisher={Friederichsen, De Gruyter and Co},
address={Hamburg, Germany},
author={Eilers, A}
}

@article{thompson_1971,
  title={The Native Culture of the Marianas Islands},
  author={Thompson, L},
  journal={Bernice Pauahi Bishop Museum Bulletin},
  address={Honolulu, HI},
  year={1971[1945]}
}


%Hadfield, E. (1920). Among the natives of the Loyalty group. London: Macmillan.

@book{hadfield_1920, 
author={Hadfield, E},
year={1920},
publisher={Macmillan},
title={Among the natives of the Loyalty group},
address={London}
}


%Crocombe, R. G. (1967). From ascendancy to dependency: The politics of Atiu. The Journal of Pacific History, 2(1), 97-111.

@article{crocombe_1967,
author={Crocombe, R. G.},
volume={2},
issue={1},
pages={97-111},
journal={The Journal of Pacific History},
title={From ascendancy to dependency: The politics of Atiu.},
year={1967}
}

%Schneider. 1957. Political Organization, Supernatural Sanctions and the Punishment for Incest on Yap. American Anthropologist 59. 791-800.



@article{schneider1957_yap,
    author = {Schneider, David M.},
    title = {Political Organization, Supernatural Sanctions and the Punishment for Incest on Yap},
    journal = {American Anthropologist},
    volume = {59},
    pages = {791-800},
    year = {1957},
    lgcode = {Yapese [yape1248]}
}

@misc{tetens_savages,
year={1958},
title={ Among the Savages of the South Seas},
note={(Trans. F. M. Spoehr)},
author={Tetens, A}
}




