@Manual{R-ade4,
  title = {ade4: Analysis of Ecological Data: Exploratory and Euclidean Methods
in Environmental Sciences},
  author = {Stéphane Dray and Anne-Béatrice Dufour and Jean Thioulouse and Thibaut Jombart and Sandrine Pavoine and Jean R. Lobry and Sébastien Ollier and Aurélie Siberchicot and Daniel Chessel},
  year = {2023},
  note = {R package version 1.7-22},
  url = {http://pbil.univ-lyon1.fr/ADE-4/},
}

@Manual{R-adephylo,
  title = {adephylo: Exploratory Analyses for the Phylogenetic Comparative Method},
  author = {Thibaut Jombart and Stéphane Dray and Anders Ellern Bilgrau},
  year = {2022},
  note = {R package version 1.1-13},
  url = {https://CRAN.R-project.org/package=adephylo},
}

@Manual{R-ape,
  title = {ape: Analyses of Phylogenetics and Evolution},
  author = {Emmanuel Paradis and Simon Blomberg and Ben Bolker and Joseph Brown and Santiago Claramunt and Julien Claude and Hoa Sien Cuong and Richard Desper and Gilles Didier and Benoit Durand and Julien Dutheil and RJ Ewing and Olivier Gascuel and Thomas Guillerme and Christoph Heibl and Anthony Ives and Bradley Jones and Franz Krah and Daniel Lawson and Vincent Lefort and Pierre Legendre and Jim Lemon and Guillaume Louvel and Eric Marcon and Rosemary McCloskey and Johan Nylander and Rainer Opgen-Rhein and Andrei-Alin Popescu and Manuela Royer-Carenzi and Klaus Schliep and Korbinian Strimmer and Damien {de Vienne}},
  year = {2023},
  note = {R package version 5.7-1},
  url = {https://CRAN.R-project.org/package=ape},
}

@Manual{R-base,
  title = {R: A Language and Environment for Statistical Computing},
  author = {{R Core Team}},
  organization = {R Foundation for Statistical Computing},
  address = {Vienna, Austria},
  year = {2024},
  url = {https://www.R-project.org/},
}

@Manual{R-bib2df,
  title = {bib2df: Parse a BibTeX File to a Data Frame},
  author = {Philipp Ottolinger},
  year = {2019},
  note = {R package version 1.1.1},
  url = {https://github.com/ropensci/bib2df},
}

@Manual{R-brms,
  title = {brms: Bayesian Regression Models using Stan},
  author = {Paul-Christian Bürkner},
  year = {2023},
  note = {R package version 2.19.0},
  url = {https://CRAN.R-project.org/package=brms},
}

@Manual{R-cmdstanr,
  title = {cmdstanr: R Interface to CmdStan},
  author = {Jonah Gabry and Rok Češnovar},
  year = {2022},
  note = {R package version 0.5.3, https://discourse.mc-stan.org},
  url = {https://mc-stan.org/cmdstanr/},
}

@Manual{R-coda,
  title = {coda: Output Analysis and Diagnostics for MCMC},
  author = {Martyn Plummer and Nicky Best and Kate Cowles and Karen Vines and Deepayan Sarkar and Douglas Bates and Russell Almond and Arni Magnusson},
  year = {2020},
  note = {R package version 0.19-4},
  url = {https://CRAN.R-project.org/package=coda},
}

@Manual{R-colorspace,
  title = {colorspace: A Toolbox for Manipulating and Assessing Colors and Palettes},
  author = {Ross Ihaka and Paul Murrell and Kurt Hornik and Jason C. Fisher and Reto Stauffer and Claus O. Wilke and Claire D. McWhite and Achim Zeileis},
  year = {2023},
  note = {R package version 2.1-0},
  url = {https://CRAN.R-project.org/package=colorspace},
}

@Manual{R-data.table,
  title = {data.table: Extension of `data.frame`},
  author = {Matt Dowle and Arun Srinivasan},
  year = {2023},
  note = {R package version 1.14.8},
  url = {https://CRAN.R-project.org/package=data.table},
}

@Manual{R-devtools,
  title = {devtools: Tools to Make Developing R Packages Easier},
  author = {Hadley Wickham and Jim Hester and Winston Chang and Jennifer Bryan},
  year = {2022},
  note = {R package version 2.4.5},
  url = {https://CRAN.R-project.org/package=devtools},
}

@Manual{R-dplyr,
  title = {dplyr: A Grammar of Data Manipulation},
  author = {Hadley Wickham and Romain François and Lionel Henry and Kirill Müller and Davis Vaughan},
  year = {2023},
  note = {R package version 1.1.2},
  url = {https://CRAN.R-project.org/package=dplyr},
}

@Manual{R-fields,
  title = {fields: Tools for Spatial Data},
  author = {Douglas Nychka and Reinhard Furrer and John Paige and Stephan Sain and Florian Gerber and Matthew Iverson},
  year = {2022},
  note = {R package version 14.1},
  url = {https://github.com/dnychka/fieldsRPackage},
}

@Manual{R-forcats,
  title = {forcats: Tools for Working with Categorical Variables (Factors)},
  author = {Hadley Wickham},
  year = {2023},
  note = {R package version 1.0.0},
  url = {https://CRAN.R-project.org/package=forcats},
}

@Manual{R-fs,
  title = {fs: Cross-Platform File System Operations Based on libuv},
  author = {Jim Hester and Hadley Wickham and Gábor Csárdi},
  year = {2023},
  note = {R package version 1.6.3},
  url = {https://CRAN.R-project.org/package=fs},
}

@Manual{R-ggalt,
  title = {ggalt: Extra Coordinate Systems, Geoms, Statistical Transformations,
Scales and Fonts for ggplot2},
  author = {Bob Rudis and Ben Bolker and Jan Schulz},
  year = {2017},
  note = {R package version 0.4.0},
  url = {https://github.com/hrbrmstr/ggalt},
}

@Manual{R-ggplot2,
  title = {ggplot2: Create Elegant Data Visualisations Using the Grammar of Graphics},
  author = {Hadley Wickham and Winston Chang and Lionel Henry and Thomas Lin Pedersen and Kohske Takahashi and Claus Wilke and Kara Woo and Hiroaki Yutani and Dewey Dunnington},
  year = {2023},
  note = {R package version 3.4.2},
  url = {https://CRAN.R-project.org/package=ggplot2},
}

@Manual{R-ggpubr,
  title = {ggpubr: ggplot2 Based Publication Ready Plots},
  author = {Alboukadel Kassambara},
  year = {2023},
  note = {R package version 0.6.0},
  url = {https://rpkgs.datanovia.com/ggpubr/},
}

@Manual{R-ggrepel,
  title = {ggrepel: Automatically Position Non-Overlapping Text Labels with
ggplot2},
  author = {Kamil Slowikowski},
  year = {2023},
  note = {R package version 0.9.3},
  url = {https://github.com/slowkow/ggrepel},
}

@Manual{R-ggthemes,
  title = {ggthemes: Extra Themes, Scales and Geoms for ggplot2},
  author = {Jeffrey B. Arnold},
  year = {2021},
  note = {R package version 4.2.4},
  url = {https://github.com/jrnold/ggthemes},
}

@Manual{R-groundhog,
  title = {groundhog: Version-Control for CRAN, GitHub, and GitLab Packages},
  author = {Uri Simonsohn and Hugo Gruson},
  year = {2023},
  note = {R package version 3.1.1},
  url = {https://CRAN.R-project.org/package=groundhog},
}

@Manual{R-jsonlite,
  title = {jsonlite: A Simple and Robust JSON Parser and Generator for R},
  author = {Jeroen Ooms},
  year = {2023},
  note = {R package version 1.8.7},
  url = {https://jeroen.r-universe.dev/jsonlite
https://arxiv.org/abs/1403.2805},
}

@Manual{R-knitr,
  title = {knitr: A General-Purpose Package for Dynamic Report Generation in R},
  author = {Yihui Xie},
  year = {2023},
  note = {R package version 1.43},
  url = {https://yihui.org/knitr/},
}

@Manual{R-lattice,
  title = {lattice: Trellis Graphics for R},
  author = {Deepayan Sarkar},
  year = {2023},
  note = {R package version 0.21-8},
  url = {https://lattice.r-forge.r-project.org/},
}

@Manual{R-lemon,
  title = {lemon: Freshing Up your ggplot2 Plots},
  author = {Stefan McKinnon Edwards},
  year = {2022},
  note = {R package version 0.4.6},
  url = {https://github.com/stefanedwards/lemon},
}

@Manual{R-loo,
  title = {loo: Efficient Leave-One-Out Cross-Validation and WAIC for Bayesian
Models},
  author = {Aki Vehtari and Jonah Gabry and Mans Magnusson and Yuling Yao and Paul-Christian Bürkner and Topi Paananen and Andrew Gelman},
  year = {2023},
  note = {R package version 2.6.0},
  url = {https://CRAN.R-project.org/package=loo},
}

@Manual{R-magrittr,
  title = {magrittr: A Forward-Pipe Operator for R},
  author = {Stefan Milton Bache and Hadley Wickham},
  year = {2022},
  note = {R package version 2.0.3},
  url = {https://CRAN.R-project.org/package=magrittr},
}

@Manual{R-maps,
  title = {maps: Draw Geographical Maps},
  author = {Ray Brownrigg},
  year = {2022},
  note = {R package version 3.4.1},
  url = {https://CRAN.R-project.org/package=maps},
}

@Manual{R-MASS,
  title = {MASS: Support Functions and Datasets for Venables and Ripley's MASS},
  author = {Brian Ripley},
  year = {2023},
  note = {R package version 7.3-60},
  url = {http://www.stats.ox.ac.uk/pub/MASS4/},
}

@Manual{R-Matrix,
  title = {Matrix: Sparse and Dense Matrix Classes and Methods},
  author = {Douglas Bates and Martin Maechler and Mikael Jagan},
  year = {2023},
  note = {R package version 1.6-0},
  url = {https://Matrix.R-forge.R-project.org},
}

@Manual{R-MCMCglmm,
  title = {MCMCglmm: MCMC Generalised Linear Mixed Models},
  author = {Jarrod Hadfield},
  year = {2023},
  note = {R package version 2.35},
  url = {https://CRAN.R-project.org/package=MCMCglmm},
}

@Manual{R-MuMIn,
  title = {MuMIn: Multi-Model Inference},
  author = {Kamil Bartoń},
  year = {2023},
  note = {R package version 1.47.5},
  url = {https://CRAN.R-project.org/package=MuMIn},
}

@Manual{R-mvtnorm,
  title = {mvtnorm: Multivariate Normal and t Distributions},
  author = {Alan Genz and Frank Bretz and Tetsuhisa Miwa and Xuefei Mi and Torsten Hothorn},
  year = {2023},
  note = {R package version 1.2-2},
  url = {http://mvtnorm.R-forge.R-project.org},
}

@Manual{R-naniar,
  title = {naniar: Data Structures, Summaries, and Visualisations for Missing Data},
  author = {Nicholas Tierney and Di Cook and Miles McBain and Colin Fay},
  year = {2023},
  note = {R package version 1.0.0},
  url = {https://github.com/njtierney/naniar},
}

@Manual{R-NCmisc,
  title = {NCmisc: Miscellaneous Functions for Creating Adaptive Functions and
Scripts},
  author = {Nicholas Cooper},
  year = {2022},
  note = {R package version 1.2.0},
  url = {https://CRAN.R-project.org/package=NCmisc},
}

@Manual{R-nFactors,
  title = {nFactors: Parallel Analysis and Other Non Graphical Solutions to the
Cattell Scree Test},
  author = {Gilles Raiche and David Magis},
  year = {2022},
  note = {R package version 2.4.1.1},
  url = {https://CRAN.R-project.org/package=nFactors},
}

@Manual{R-patchwork,
  title = {patchwork: The Composer of Plots},
  author = {Thomas Lin Pedersen},
  year = {2022},
  note = {R package version 1.1.2},
  url = {https://CRAN.R-project.org/package=patchwork},
}

@Manual{R-phytools,
  title = {phytools: Phylogenetic Tools for Comparative Biology (and Other Things)},
  author = {Liam J. Revell},
  year = {2023},
  note = {R package version 1.9-16},
  url = {https://github.com/liamrevell/phytools},
}

@Manual{R-psych,
  title = {psych: Procedures for Psychological, Psychometric, and Personality
Research},
  author = {William Revelle},
  year = {2023},
  note = {R package version 2.3.6},
  url = {https://personality-project.org/r/psych/
https://personality-project.org/r/psych-manual.pdf},
}

@Manual{R-purrr,
  title = {purrr: Functional Programming Tools},
  author = {Hadley Wickham and Lionel Henry},
  year = {2023},
  note = {R package version 1.0.1},
  url = {https://CRAN.R-project.org/package=purrr},
}

@Manual{R-randomcoloR,
  title = {randomcoloR: Generate Attractive Random Colors},
  author = {Ron Ammar},
  year = {2019},
  note = {R package version 1.1.0.1},
  url = {https://CRAN.R-project.org/package=randomcoloR},
}

@Manual{R-raster,
  title = {raster: Geographic Data Analysis and Modeling},
  author = {Robert J. Hijmans},
  year = {2023},
  note = {R package version 3.6-23},
  url = {https://rspatial.org/raster},
}

@Manual{R-Rcpp,
  title = {Rcpp: Seamless R and C++ Integration},
  author = {Dirk Eddelbuettel and Romain Francois and JJ Allaire and Kevin Ushey and Qiang Kou and Nathan Russell and Inaki Ucar and Douglas Bates and John Chambers},
  year = {2023},
  note = {R package version 1.0.11},
  url = {https://CRAN.R-project.org/package=Rcpp},
}

@Manual{R-readr,
  title = {readr: Read Rectangular Text Data},
  author = {Hadley Wickham and Jim Hester and Jennifer Bryan},
  year = {2023},
  note = {R package version 2.1.4},
  url = {https://CRAN.R-project.org/package=readr},
}

@Manual{R-reshape2,
  title = {reshape2: Flexibly Reshape Data: A Reboot of the Reshape Package},
  author = {Hadley Wickham},
  year = {2020},
  note = {R package version 1.4.4},
  url = {https://github.com/hadley/reshape},
}

@Manual{R-rlang,
  title = {rlang: Functions for Base Types and Core R and Tidyverse Features},
  author = {Lionel Henry and Hadley Wickham},
  year = {2023},
  note = {R package version 1.1.1},
  url = {https://CRAN.R-project.org/package=rlang},
}

@Manual{R-rstan,
  title = {rstan: R Interface to Stan},
  author = {Jiqiang Guo and Jonah Gabry and Ben Goodrich and Sebastian Weber},
  year = {2023},
  note = {R package version 2.21.8},
  url = {https://CRAN.R-project.org/package=rstan},
}

@Manual{R-scales,
  title = {scales: Scale Functions for Visualization},
  author = {Hadley Wickham and Dana Seidel},
  year = {2022},
  note = {R package version 1.2.1},
  url = {https://CRAN.R-project.org/package=scales},
}

@Manual{R-sp,
  title = {sp: Classes and Methods for Spatial Data},
  author = {Edzer Pebesma and Roger Bivand},
  year = {2023},
  note = {R package version 2.0-0},
  url = {https://CRAN.R-project.org/package=sp},
}

@Manual{R-spam,
  title = {spam: SPArse Matrix},
  author = {Reinhard Furrer and Florian Gerber and Roman Flury},
  year = {2022},
  note = {R package version 2.9-1},
  url = {https://www.math.uzh.ch/pages/spam/},
}

@Manual{R-StanHeaders,
  title = {StanHeaders: C++ Header Files for Stan},
  author = {Ben Goodrich and Andrew Gelman and Bob Carpenter and Matt Hoffman and Daniel Lee and Michael Betancourt and Marcus Brubaker and Jiqiang Guo and Peter Li and Allen Riddell and Marco Inacio and Mitzi Morris and Jeffrey Arnold and Rob Goedman and Brian Lau and Rob Trangucci and Jonah Gabry and Alp Kucukelbir and Robert Grant and Dustin Tran and Michael Malecki and Yuanjun Gao},
  year = {2023},
  note = {R package version 2.26.27},
  url = {https://mc-stan.org/},
}

@Manual{R-stringr,
  title = {stringr: Simple, Consistent Wrappers for Common String Operations},
  author = {Hadley Wickham},
  year = {2022},
  note = {R package version 1.5.0},
  url = {https://CRAN.R-project.org/package=stringr},
}

@Manual{R-tibble,
  title = {tibble: Simple Data Frames},
  author = {Kirill Müller and Hadley Wickham},
  year = {2023},
  note = {R package version 3.2.1},
  url = {https://CRAN.R-project.org/package=tibble},
}

@Manual{R-tidyr,
  title = {tidyr: Tidy Messy Data},
  author = {Hadley Wickham and Davis Vaughan and Maximilian Girlich},
  year = {2023},
  note = {R package version 1.3.0},
  url = {https://CRAN.R-project.org/package=tidyr},
}

@Manual{R-viridis,
  title = {viridis: Colorblind-Friendly Color Maps for R},
  author = {Simon Garnier},
  year = {2023},
  note = {R package version 0.6.4},
  url = {https://CRAN.R-project.org/package=viridis},
}

@Manual{R-xtable,
  title = {xtable: Export Tables to LaTeX or HTML},
  author = {David B. Dahl and David Scott and Charles Roosen and Arni Magnusson and Jonathan Swinton},
  year = {2019},
  note = {R package version 1.8-4},
  url = {http://xtable.r-forge.r-project.org/},
}

@Article{ade42007a,
  title = {The {ade4} Package: Implementing the Duality Diagram for Ecologists},
  author = {St\'ephane Dray and Anne--B\'eatrice Dufour},
  journal = {Journal of Statistical Software},
  year = {2007},
  volume = {22},
  number = {4},
  pages = {1--20},
  doi = {10.18637/jss.v022.i04},
}

@Article{ade42018a,
  title = {Supervised Multiblock Analysis in {R} with the {ade4} Package},
  author = {St\'ephanie Bougeard and St\'ephane Dray},
  journal = {Journal of Statistical Software},
  year = {2018},
  volume = {86},
  number = {1},
  pages = {1--17},
  doi = {10.18637/jss.v086.i01},
}

@Article{ade42004a,
  title = {The {ade4} Package -- {I}: One-Table Methods},
  author = {Daniel Chessel and Anne-B\'eatrice Dufour and Jean Thioulouse},
  journal = {R News},
  year = {2004},
  volume = {4},
  number = {1},
  pages = {5--10},
  url = {https://cran.r-project.org/doc/Rnews/},
}

@Article{ade42007b,
  title = {The {ade4} Package -- {II}: Two-Table and {K}-Table Methods},
  author = {St\'ephane Dray and Anne-B\'eatrice Dufour and Daniel Chessel},
  journal = {R News},
  year = {2007},
  volume = {7},
  number = {2},
  pages = {47--52},
  url = {https://cran.r-project.org/doc/Rnews/},
}

@Book{ade42018b,
  title = {Multivariate Analysis of Ecological Data with {ade4}},
  author = {Jean Thioulouse and St\'ephane Dray and Anne--B\'eatrice Dufour and Aur\'elie Siberchicot and Thibaut Jombart and Sandrine Pavoine},
  year = {2018},
  publisher = {Springer},
  doi = {10.1007/978-1-4939-8850-1},
}

@Article{adephylo2010,
  title = {adephylo: exploratory analyses for the phylogenetic comparative method.},
  journal = {Bioinformatics},
  year = {2010},
  author = {T. Jombart and S. Dray},
  volume = {26},
  pages = {1907-1909},
  doi = {10.1093/bioinformatics/btq292},
}

@Article{ape2019,
  title = {ape 5.0: an environment for modern phylogenetics and evolutionary analyses in {R}},
  author = {Emmanuel Paradis and Klaus Schliep},
  journal = {Bioinformatics},
  year = {2019},
  volume = {35},
  pages = {526-528},
  doi = {10.1093/bioinformatics/bty633},
}

@Article{brms2017,
  title = {{brms}: An {R} Package for {Bayesian} Multilevel Models Using {Stan}},
  author = {Paul-Christian Bürkner},
  journal = {Journal of Statistical Software},
  year = {2017},
  volume = {80},
  number = {1},
  pages = {1--28},
  doi = {10.18637/jss.v080.i01},
  encoding = {UTF-8},
}

@Article{brms2018,
  title = {Advanced {Bayesian} Multilevel Modeling with the {R} Package {brms}},
  author = {Paul-Christian Bürkner},
  journal = {The R Journal},
  year = {2018},
  volume = {10},
  number = {1},
  pages = {395--411},
  doi = {10.32614/RJ-2018-017},
  encoding = {UTF-8},
}

@Article{brms2021,
  title = {Bayesian Item Response Modeling in {R} with {brms} and {Stan}},
  author = {Paul-Christian Bürkner},
  journal = {Journal of Statistical Software},
  year = {2021},
  volume = {100},
  number = {5},
  pages = {1--54},
  doi = {10.18637/jss.v100.i05},
  encoding = {UTF-8},
}

@Article{coda2006,
  title = {CODA: Convergence Diagnosis and Output Analysis for MCMC},
  author = {Martyn Plummer and Nicky Best and Kate Cowles and Karen Vines},
  journal = {R News},
  year = {2006},
  volume = {6},
  number = {1},
  pages = {7--11},
  url = {https://journal.r-project.org/archive/},
  pdf = {https://www.r-project.org/doc/Rnews/Rnews_2006-1.pdf},
}

@Article{colorspace2020a,
  title = {{colorspace}: A Toolbox for Manipulating and Assessing Colors and Palettes},
  author = {Achim Zeileis and Jason C. Fisher and Kurt Hornik and Ross Ihaka and Claire D. McWhite and Paul Murrell and Reto Stauffer and Claus O. Wilke},
  journal = {Journal of Statistical Software},
  year = {2020},
  volume = {96},
  number = {1},
  pages = {1--49},
  doi = {10.18637/jss.v096.i01},
}

@Article{colorspace2009a,
  title = {Escaping {RGB}land: Selecting Colors for Statistical Graphics},
  author = {Achim Zeileis and Kurt Hornik and Paul Murrell},
  journal = {Computational Statistics \& Data Analysis},
  year = {2009},
  volume = {53},
  number = {9},
  pages = {3259--3270},
  doi = {10.1016/j.csda.2008.11.033},
}

@Article{colorspace2009b,
  title = {Somewhere over the Rainbow: How to Make Effective Use of Colors in Meteorological Visualizations},
  author = {Reto Stauffer and Georg J. Mayr and Markus Dabernig and Achim Zeileis},
  journal = {Bulletin of the American Meteorological Society},
  year = {2009},
  volume = {96},
  number = {2},
  pages = {203--216},
  doi = {10.1175/BAMS-D-13-00155.1},
}

@Book{ggplot22016,
  author = {Hadley Wickham},
  title = {ggplot2: Elegant Graphics for Data Analysis},
  publisher = {Springer-Verlag New York},
  year = {2016},
  isbn = {978-3-319-24277-4},
  url = {https://ggplot2.tidyverse.org},
}

@Article{jsonlite2014,
  title = {The jsonlite Package: A Practical and Consistent Mapping Between JSON Data and R Objects},
  author = {Jeroen Ooms},
  journal = {arXiv:1403.2805 [stat.CO]},
  year = {2014},
  url = {https://arxiv.org/abs/1403.2805},
}

@Book{knitr2015,
  title = {Dynamic Documents with {R} and knitr},
  author = {Yihui Xie},
  publisher = {Chapman and Hall/CRC},
  address = {Boca Raton, Florida},
  year = {2015},
  edition = {2nd},
  note = {ISBN 978-1498716963},
  url = {https://yihui.org/knitr/},
}

@InCollection{knitr2014,
  booktitle = {Implementing Reproducible Computational Research},
  editor = {Victoria Stodden and Friedrich Leisch and Roger D. Peng},
  title = {knitr: A Comprehensive Tool for Reproducible Research in {R}},
  author = {Yihui Xie},
  publisher = {Chapman and Hall/CRC},
  year = {2014},
  note = {ISBN 978-1466561595},
}

@Book{lattice2008,
  title = {Lattice: Multivariate Data Visualization with R},
  author = {Deepayan Sarkar},
  year = {2008},
  publisher = {Springer},
  address = {New York},
  isbn = {978-0-387-75968-5},
  url = {http://lmdvr.r-forge.r-project.org},
}

@Article{loo2017a,
  title = {Practical Bayesian model evaluation using leave-one-out cross-validation and WAIC},
  author = {Aki Vehtari and Andrew Gelman and Jonah Gabry},
  year = {2017},
  journal = {Statistics and Computing},
  volume = {27},
  issue = {5},
  pages = {1413--1432},
  doi = {10.1007/s11222-016-9696-4},
}

@Article{loo2017b,
  title = {Using stacking to average Bayesian predictive distributions},
  author = {Yuling Yao and Aki Vehtari and Daniel Simpson and Andrew Gelman},
  year = {2017},
  journal = {Bayesian Analysis},
  doi = {10.1214/17-BA1091},
}

@Book{MASS2002,
  title = {Modern Applied Statistics with S},
  author = {W. N. Venables and B. D. Ripley},
  publisher = {Springer},
  edition = {Fourth},
  address = {New York},
  year = {2002},
  note = {ISBN 0-387-95457-0},
  url = {https://www.stats.ox.ac.uk/pub/MASS4/},
}

@Article{MCMCglmm2010,
  title = {MCMC Methods for Multi-Response Generalized Linear Mixed Models: The {MCMCglmm} {R} Package},
  author = {Jarrod D. Hadfield},
  journal = {Journal of Statistical Software},
  year = {2010},
  volume = {33},
  number = {2},
  pages = {1--22},
  url = {https://www.jstatsoft.org/v33/i02/},
}

@Book{mvtnorm2009,
  title = {Computation of Multivariate Normal and t Probabilities},
  author = {Alan Genz and Frank Bretz},
  series = {Lecture Notes in Statistics},
  year = {2009},
  publisher = {Springer-Verlag},
  address = {Heidelberg},
  isbn = {978-3-642-01688-2},
}

@Article{naniar2023,
  title = {Expanding Tidy Data Principles to Facilitate Missing Data Exploration, Visualization and Assessment of Imputations},
  author = {Nicholas Tierney and Dianne Cook},
  journal = {Journal of Statistical Software},
  year = {2023},
  volume = {105},
  number = {7},
  pages = {1--31},
  doi = {10.18637/jss.v105.i07},
}

@Article{phytools2012,
  title = {phytools: An {R} package for phylogenetic comparative biology (and other things).},
  author = {Liam J. Revell},
  journal = {Methods in Ecology and Evolution},
  year = {2012},
  volume = {3},
  pages = {217-223},
  doi = {10.1111/j.2041-210X.2011.00169.x},
}

@Article{Rcpp2011,
  title = {{Rcpp}: Seamless {R} and {C++} Integration},
  author = {Dirk Eddelbuettel and Romain Fran\c{c}ois},
  journal = {Journal of Statistical Software},
  year = {2011},
  volume = {40},
  number = {8},
  pages = {1--18},
  doi = {10.18637/jss.v040.i08},
}

@Book{Rcpp2013,
  title = {Seamless {R} and {C++} Integration with {Rcpp}},
  author = {Dirk Eddelbuettel},
  publisher = {Springer},
  address = {New York},
  year = {2013},
  note = {ISBN 978-1-4614-6867-7},
  doi = {10.1007/978-1-4614-6868-4},
}

@Article{Rcpp2018,
  title = {{Extending {R} with {C++}: A Brief Introduction to {Rcpp}}},
  author = {Dirk Eddelbuettel and James Joseph Balamuta},
  journal = {The American Statistician},
  year = {2018},
  volume = {72},
  number = {1},
  pages = {28-36},
  doi = {10.1080/00031305.2017.1375990},
}

@Article{reshape22007,
  title = {Reshaping Data with the {reshape} Package},
  author = {Hadley Wickham},
  journal = {Journal of Statistical Software},
  year = {2007},
  volume = {21},
  number = {12},
  pages = {1--20},
  url = {http://www.jstatsoft.org/v21/i12/},
}

@Article{sp2005,
  author = {Edzer J. Pebesma and Roger Bivand},
  title = {Classes and methods for spatial data in {R}},
  journal = {R News},
  year = {2005},
  volume = {5},
  number = {2},
  pages = {9--13},
  month = {November},
  url = {https://CRAN.R-project.org/doc/Rnews/},
}

@Book{sp2013,
  author = {Roger S. Bivand and Edzer Pebesma and Virgilio Gomez-Rubio},
  title = {Applied spatial data analysis with {R}, Second edition},
  year = {2013},
  publisher = {Springer, NY},
  url = {https://asdar-book.org/},
}

@Article{spam2010,
  title = {{spam}: A Sparse Matrix {R} Package with Emphasis on {MCMC} Methods for {G}aussian {M}arkov Random Fields},
  author = {Reinhard Furrer and Stephan R. Sain},
  journal = {Journal of Statistical Software},
  year = {2010},
  volume = {36},
  number = {10},
  pages = {1--25},
  doi = {10.18637/jss.v036.i10},
}

@Article{spam2015,
  title = {Pitfalls in the Implementation of {B}ayesian Hierarchical Modeling of Areal Count Data: An Illustration Using {BYM} and {L}eroux Models},
  author = {Florian Gerber and Reinhard Furrer},
  journal = {Journal of Statistical Software, Code Snippets},
  year = {2015},
  volume = {63},
  number = {1},
  pages = {1--32},
  doi = {10.18637/jss.v063.c01},
}

@Article{spam2017,
  title = {Extending {R} packages to support 64-bit compiled code: An illustration with spam64 and {GIMMS} {NDVI3g} data},
  author = {Florian Gerber and Kaspar Moesinger and Reinhard Furrer},
  journal = {Computer & Geoscience},
  year = {2017},
  volume = {104},
  pages = {109--119},
  issn = {0098-3004},
  doi = {10.1016/j.cageo.2016.11.015},
}

@Manual{viridis2023,
  title = {{viridis(Lite)} - Colorblind-Friendly Color Maps for R},
  author = {{Garnier} and {Simon} and {Ross} and {Noam} and {Rudis} and {Robert} and {Camargo} and Antônio Pedro and {Sciaini} and {Marco} and {Scherer} and {Cédric}},
  year = {2023},
  note = {viridis package version 0.6.4},
  url = {https://sjmgarnier.github.io/viridis/},
  doi = {10.5281/zenodo.4679423},
}

